@article{eickhoff2005new,
  title={A new SPM toolbox for combining probabilistic cytoarchitectonic maps and functional imaging data},
  author={Eickhoff, Simon B and Stephan, Klaas E and Mohlberg, Hartmut and Grefkes, Christian and Fink, Gereon R and Amunts, Katrin and Zilles, Karl},
  journal={Neuroimage},
  volume={25},
  number={4},
  pages={1325--1335},
  year={2005},
  publisher={Elsevier}
}

@article{mahowald2016reliable,
  title={Reliable individual-level neural markers of high-level language processing: a necessary precursor for relating neural variability to behavioral and genetic variability},
  author={Mahowald, Kyle and Fedorenko, Evelina},
  journal={Neuroimage},
  volume={139},
  pages={74--93},
  year={2016},
  publisher={Elsevier}
}

@article{fedorenko2010new,
  title={New method for fMRI investigations of language: defining ROIs functionally in individual subjects},
  author={Fedorenko, Evelina and Hsieh, Po-Jang and Nieto-Casta{\~n}{\'o}n, Alfonso and Whitfield-Gabrieli, Susan and Kanwisher, Nancy},
  journal={Journal of neurophysiology},
  volume={104},
  number={2},
  pages={1177--1194},
  year={2010},
  publisher={Am Physiological Soc}
}

@article{dehaene2010learning,
  title={How learning to read changes the cortical networks for vision and language},
  author={Dehaene, Stanislas and Pegado, Felipe and Braga, Lucia W and Ventura, Paulo and Nunes Filho, Gilberto and Jobert, Antoinette and Dehaene-Lambertz, Ghislaine and Kolinsky, R{\'e}gine and Morais, Jos{\'e} and Cohen, Laurent},
  journal={science},
  volume={330},
  number={6009},
  pages={1359--1364},
  year={2010},
  publisher={American Association for the Advancement of Science}
}

@article{binder1997human,
  title={Human brain language areas identified by functional magnetic resonance imaging},
  author={Binder, Jeffrey R and Frost, Julie A and Hammeke, Thomas A and Cox, Robert W and Rao, Stephen M and Prieto, Thomas},
  journal={Journal of Neuroscience},
  volume={17},
  number={1},
  pages={353--362},
  year={1997},
  publisher={Soc Neuroscience}
}

@article{tootell1998retinotopy,
  title={From retinotopy to recognition: fMRI in human visual cortex},
  author={Tootell, Roger BH and Hadjikhani, Nouchine K and Mendola, Janine D and Marrett, Sean and Dale, Anders M},
  journal={Trends in cognitive sciences},
  volume={2},
  number={5},
  pages={174--183},
  year={1998},
  publisher={Elsevier}
}

@article{abraham2014machine,
  title={Machine learning for neuroimaging with scikit-learn},
  author={Abraham, Alexandre and Pedregosa, Fabian and Eickenberg, Michael and Gervais, Philippe and Mueller, Andreas and Kossaifi, Jean and Gramfort, Alexandre and Thirion, Bertrand and Varoquaux, Ga{\"e}l},
  journal={Frontiers in neuroinformatics},
  volume={8},
  year={2014},
  publisher={Frontiers Media SA}
}

@article{marcus14,
  author = 	 {Marcus Gary, Adam H. Marblestone, and Thomas Dean},
  title = 	 {The Atoms of Neural Computation},
  journal = 	 {Science},
  year = 	 2014,
  volume = 	 346,
  number = 	 6209,
  pages = 	 {551--552}}

@Book{marcus01,
  author = 	 {Marcus Gary},
  title = 	 {The Algebraic Mind: Integrating Connectionism and Cognitive Science},
  publisher = 	 {MIT Press},
  year = 	 2001}

@article{van_der_Velde_2006,
  year = {2006},
  month = {feb},
  publisher = {Cambridge University Press ({CUP})},
  volume = {29},
  number = {01},
  author = {Frank van der Velde and Marc de Kamps},
  title = {{Neural blackboard architectures of combinatorial structures in cognition}},
  journal = {Behavioral and Brain Sciences},
}


@article{Wager_2005,
  doi = {10.1016/j.neuroimage.2004.11.008},
  url = {http://dx.doi.org/10.1016/j.neuroimage.2004.11.008},
  year = {2005},
  month = {mar},
  publisher = {Elsevier {BV}},
  volume = {25},
  number = {1},
  pages = {206--218},
  author = {Tor D. Wager and Alberto Vazquez and Luis Hernandez and Douglas C. Noll},
  title = {{Accounting for nonlinear {BOLD} effects in {fMRI}: parameter estimates and a model for prediction in rapid event-related studies}},
  journal = {{NeuroImage}},
}


@inproceedings{van_der_Velde_2011,
  doi = {10.1109/devlrn.2011.6037343},
  url = {http://dx.doi.org/10.1109/devlrn.2011.6037343},
  year = {2011},
  month = {aug},
  publisher = {Institute of Electrical {\&} Electronics Engineers ({IEEE})},
  author = {Frank van der Velde and Marc de Kamps},
  title = {{Development of a connection matrix for productive grounded cognition}},
  booktitle = {2011 {IEEE} International Conference on Development and Learning ({ICDL})},
}


@article{van_der_Velde_2002,
  doi = {10.1017/s0140525x02530041},
  url = {http://dx.doi.org/10.1017/s0140525x02530041},
  year = {2002},
  month = {apr},
  publisher = {Cambridge University Press ({CUP})},
  volume = {25},
  number = {02},
  author = {Frank van der Velde and Marc de Kamps},
  title = {{Involvement of a visual blackboard architecture in imagery}},
  journal = {Behavioral and Brain Sciences},
}


@book{Jackendoff_2002,
  doi = {10.1093/acprof:oso/9780198270126.001.0001},
  url = {https://doi.org/10.1093%2Facprof%3Aoso%2F9780198270126.001.0001},
  year = {2002},
  month = {jan},
  publisher = {Oxford University Press},
  author = {Ray Jackendoff},
  title = {{Foundations of Language}},
}


@article{velde2015ambiguity,
  title = {{Ambiguity resolution in a Neural Blackboard Architecture for sentence structure}},
  author = {van de Velde, Frank and Kamps, de Marc},
  year = {2015},
  journal = {???}
}


@article{van_der_Velde_2010,
  doi = {10.1016/j.cogsys.2008.08.007},
  url = {http://dx.doi.org/10.1016/j.cogsys.2008.08.007},
  year = {2010},
  month = {mar},
  publisher = {Elsevier {BV}},
  volume = {11},
  number = {1},
  pages = {93--107},
  author = {van der Velde, Frank  and de Kamps, Marc},
  title = {{Learning of control in a neural architecture of grounded language processing}},
  journal = {Cognitive Systems Research},
}


@inproceedings{de2016combinatorial,
  title={Combinatorial structures and processing in Neural Blackboard Architectures},
  author={De Kamps, M and Van der Velde, F},
  booktitle={Proceedings of the NIPS Workshop on Cognitive Computation: Integrating Neural and Symbolic Approaches (CoCo 2015)},
  volume={1583},
  year={2016},
  organization={CEUR}
}


@article{nivre2005dependency,
  title = {{Dependency grammar and dependency parsing}},
  author = {Nivre, Joakim},
  journal = {MSI report},
  volume = {5133},
  number = {1959},
  pages = {1--32},
  year = {2005},
}


@incollection{gazdar1982phrase,
  title = {{Phrase structure grammar}},
  author = {Gazdar, Gerald},
  booktitle = {The nature of syntactic representation},
  pages = {131--186},
  year = {1982},
  publisher = {Springer},
}


@article{Frank_2014,
  doi = {10.3389/conf.fninf.2014.18.00055},
  url = {https://doi.org/10.3389%2Fconf.fninf.2014.18.00055},
  year = {2014},
  publisher = {Frontiers Media {SA}},
  volume = {8},
  author = {Van Der Velde Frank},
  title = {{Linking population dynamics and high-level cognition: Ambiguity resolution in a neural sentence processing model}},
  journal = {Frontiers in Neuroinformatics},
}


@article{de2013generic,
  title = {{A Generic Approach to Solving Jump Diffusion Equations with Applications to Neural Populations}},
  author = {de Kamps, Marc},
  journal = {arXiv preprint arXiv:1309.1654},
  year = {2013},
}


@article{de_Kamps_2008,
  doi = {10.1016/j.neunet.2008.07.006},
  url = {http://dx.doi.org/10.1016/j.neunet.2008.07.006},
  year = {2008},
  month = {oct},
  publisher = {Elsevier {BV}},
  volume = {21},
  number = {8},
  pages = {1164--1181},
  author = {Marc de Kamps and Volker Baier and Johannes Drever and Melanie Dietz and Lorenz Mösenlechner and Frank van der Velde},
  title = {{The state of {MIIND}}},
  journal = {Neural Networks},
}


@article{Roxin_2011,
  doi = {10.1523/jneurosci.1677-11.2011},
  url = {http://dx.doi.org/10.1523/jneurosci.1677-11.2011},
  year = {2011},
  month = {nov},
  publisher = {Society for Neuroscience},
  volume = {31},
  number = {45},
  pages = {16217--16226},
  author = {A. Roxin and N. Brunel and D. Hansel and G. Mongillo and C. van Vreeswijk},
  title = {{On the Distribution of Firing Rates in Networks of Cortical Neurons}},
  journal = {Journal of Neuroscience},
}


@article{London_2002,
  doi = {10.1038/nn826},
  url = {http://dx.doi.org/10.1038/nn826},
  year = {2002},
  month = {mar},
  publisher = {Nature Publishing Group},
  volume = {5},
  number = {4},
  pages = {332--340},
  author = {Michael London and Adi Schreibman and Michael Häusser and Matthew E. Larkum and Idan Segev},
  title = {{The information efficacy of a synapse}},
  journal = {Nat. Neurosci.},
}


@article{Briggs_2013,
  doi = {10.1038/nature12276},
  url = {http://dx.doi.org/10.1038/nature12276},
  year = {2013},
  month = {jun},
  publisher = {Nature Publishing Group},
  volume = {499},
  number = {7459},
  pages = {476--480},
  author = {Farran Briggs and George R. Mangun and W. Martin Usrey},
  title = {{Attention enhances synaptic efficacy and the signal-to-noise ratio in neural circuits}},
  journal = {Nature},
}


@article{Wohrer_2013,
  doi = {10.1016/j.pneurobio.2012.09.004},
  url = {http://dx.doi.org/10.1016/j.pneurobio.2012.09.004},
  year = {2013},
  month = {apr},
  publisher = {Elsevier {BV}},
  volume = {103},
  pages = {156--193},
  author = {Adrien Wohrer and Mark D. Humphries and Christian K. Machens},
  title = {{Population-wide distributions of neural activity during perceptual decision-making}},
  journal = {Progress in Neurobiology},
}


@article{Ostojic_2014,
  doi = {10.1038/nn.3658},
  url = {http://dx.doi.org/10.1038/nn.3658},
  year = {2014},
  month = {feb},
  publisher = {Nature Publishing Group},
  volume = {17},
  number = {4},
  pages = {594--600},
  author = {Srdjan Ostojic},
  title = {{Two types of asynchronous activity in networks of excitatory and inhibitory spiking neurons}},
  journal = {Nature Neuroscience},
}


@article{Wolf_2014,
  doi = {10.1016/j.conb.2014.01.017},
  url = {http://dx.doi.org/10.1016/j.conb.2014.01.017},
  year = {2014},
  month = {apr},
  publisher = {Elsevier {BV}},
  volume = {25},
  pages = {228--236},
  author = {Fred Wolf and Rainer Engelken and Maximilian Puelma-Touzel and Juan Daniel Fl{\'{o}}rez Weidinger and Andreas Neef},
  title = {{Dynamical models of cortical circuits}},
  journal = {Current Opinion in Neurobiology},
}


@article{Teramae_2012,
  doi = {10.1038/srep00485},
  url = {http://dx.doi.org/10.1038/srep00485},
  year = {2012},
  month = {jul},
  publisher = {Nature Publishing Group},
  volume = {2},
  author = {Jun-nosuke Teramae and Yasuhiro Tsubo and Tomoki Fukai},
  title = {{Optimal spike-based communication in excitable networks with strong-sparse and weak-dense links}},
  journal = {Sci. Rep.},
}


@article{Kerr_2005,
  doi = {10.1073/pnas.0506029102},
  url = {http://dx.doi.org/10.1073/pnas.0506029102},
  year = {2005},
  month = {sep},
  publisher = {Proceedings of the National Academy of Sciences},
  volume = {102},
  number = {39},
  pages = {14063--14068},
  author = {J. N. D. Kerr and D. Greenberg and F. Helmchen},
  title = {{From The Cover: Imaging input and output of neocortical networks in vivo}},
  journal = {Proceedings of the National Academy of Sciences},
}


@article{andor2016globally,
  title={Globally normalized transition-based neural networks},
  author={Andor, Daniel and Alberti, Chris and Weiss, David and Severyn, Aliaksei and Presta, Alessandro and Ganchev, Kuzman and Petrov, Slav and Collins, Michael},
  journal={arXiv preprint arXiv:1603.06042},
  year={2016}
}


@article{omurtag2000simulation,
  title = {{On the simulation of large populations of neurons}},
  author = {Omurtag, Ahmet and Knight, Bruce W. and Sirovich, Lawrence},
  journal = {Journal of computational neuroscience},
  volume = {8},
  number = {1},
  pages = {51--63},
  year = {2000},
  publisher = {Springer},
}


@article{brette2007simulation,
  title = {{Simulation of networks of spiking neurons: a review of tools and strategies}},
  author = {Brette, Romain and Rudolph, Michelle and Carnevale, Ted and Hines, Michael and Beeman, David and Bower, James M and Diesmann, Markus and Morrison, Abigail and Goodman, Philip H and Harris Jr, Frederick C and others},
  journal = {Journal of computational neuroscience},
  volume = {23},
  number = {3},
  pages = {349--398},
  year = {2007},
  publisher = {Springer},
}


@article{brette2005adaptive,
  title = {{Adaptive exponential integrate-and-fire model as an effective description of neuronal activity}},
  author = {Brette, Romain and Gerstner, Wulfram},
  journal = {Journal of neurophysiology},
  volume = {94},
  number = {5},
  pages = {3637--3642},
  year = {2005},
  publisher = {Am Physiological Soc},
}


@article{apfaltrer2006population,
  title = {{Population density methods for stochastic neurons with realistic synaptic kinetics: Firing rate dynamics and fast computational methods}},
  author = {Apfaltrer, Felix and Ly, Cheng and Tranchina, Daniel},
  journal = {Network: Computation in Neural Systems},
  volume = {17},
  number = {4},
  pages = {373--418},
  year = {2006},
  publisher = {Taylor \& Francis},
}


@article{turrigiano2011too,
  title = {{Too many cooks? Intrinsic and synaptic homeostatic mechanisms in cortical circuit refinement}},
  author = {Turrigiano, Gina},
  journal = {Annual review of neuroscience},
  volume = {34},
  pages = {89--103},
  year = {2011},
  publisher = {Annual Reviews},
}


@book{hale2014automaton,
  title = {{Automaton theories of human sentence comprehension}},
  author = {Hale, John T},
  year = {2014},
  publisher = {CSLI Publications},
}


@article{Sz_kely_2009,
  doi = {10.1214/09-aoas312},
  url = {http://dx.doi.org/10.1214/09-aoas312},
  year = {2009},
  month = {dec},
  publisher = {Institute of Mathematical Statistics},
  volume = {3},
  number = {4},
  pages = {1236--1265},
  author = {G{\'{a}}bor J. Sz{\'{e}}kely and Maria L. Rizzo},
  title = {{Brownian distance covariance}},
  journal = {Ann. Appl. Stat.},
}


@article{Pallier_2011,
  doi = {10.1073/pnas.1018711108},
  url = {https://doi.org/10.1073%2Fpnas.1018711108},
  year = {2011},
  month = {jan},
  publisher = {Proceedings of the National Academy of Sciences},
  volume = {108},
  number = {6},
  pages = {2522--2527},
  author = {C. Pallier and A.-D. Devauchelle and S. Dehaene},
  title = {{Cortical representation of the constituent structure of sentences}},
  journal = {Proceedings of the National Academy of Sciences},
}


@article{Dehaene_2015,
  doi = {10.1016/j.neuron.2015.09.019},
  url = {https://doi.org/10.1016%2Fj.neuron.2015.09.019},
  year = {2015},
  month = {oct},
  publisher = {Elsevier {BV}},
  volume = {88},
  number = {1},
  pages = {2--19},
  author = {Stanislas Dehaene and Florent Meyniel and Catherine Wacongne and Liping Wang and Christophe Pallier},
  title = {{The Neural Representation of Sequences: From Transition Probabilities to Algebraic Patterns and Linguistic Trees}},
  journal = {Neuron},
}


@article{Chomsky_2013,
  doi = {10.1016/j.lingua.2012.12.003},
  url = {https://doi.org/10.1016%2Fj.lingua.2012.12.003},
  year = {2013},
  month = {jun},
  publisher = {Elsevier {BV}},
  volume = {130},
  pages = {33--49},
  author = {Noam Chomsky},
  title = {{Problems of projection}},
  journal = {Lingua},
}


@incollection{Jackendoff_2002a,
  doi = {10.1093/acprof:oso/9780198270126.003.0005},
  url = {https://doi.org/10.1093%2Facprof%3Aoso%2F9780198270126.003.0005},
  year = {2002},
  month = {jan},
  publisher = {Oxford University Press},
  pages = {107--151},
  author = {Ray Jackendoff},
  title = {{The Parallel Architecture}},
  booktitle = {Foundations of Language},
}


@incollection{Jackendoff_2002b,
  doi = {10.1093/acprof:oso/9780198270126.003.0003},
  url = {https://doi.org/10.1093%2Facprof%3Aoso%2F9780198270126.003.0003},
  year = {2002},
  month = {jan},
  publisher = {Oxford University Press},
  pages = {38--67},
  author = {Ray Jackendoff},
  title = {{Combinatoriality}},
  booktitle = {Foundations of Language},
}


@article{Maratsos_2005,
  doi = {10.1353/lan.2005.0073},
  url = {https://doi.org/10.1353%2Flan.2005.0073},
  year = {2005},
  publisher = {Johns Hopkins University Press},
  volume = {81},
  number = {2},
  pages = {495--498},
  author = {Michael P. Maratsos},
  title = {{How Children Learn the Meanings of Words (review)}},
  journal = {Language},
}


@article{marcus2013evolution,
  title = {{Evolution, memory, and the nature of syntactic representation}},
  author = {Marcus, Gary F},
  journal = {Birdsong, speech, and language: Exploring the evolution of mind and brain},
  volume = {27},
  year = {2013},
  publisher = {MIT Press},
}


@incollection{von_der_Malsburg_1994,
  doi = {10.1007/978-1-4612-4320-5_2},
  url = {https://doi.org/10.1007%2F978-1-4612-4320-5_2},
  year = {1994},
  publisher = {Springer New York},
  pages = {95--119},
  author = {Christoph von der Malsburg},
  title = {{The Correlation Theory of Brain Function}},
  booktitle = {Models of Neural Networks},
}


@article{Feldman_2012,
  doi = {10.1007/s11571-012-9219-8},
  url = {https://doi.org/10.1007%2Fs11571-012-9219-8},
  year = {2012},
  month = {sep},
  publisher = {Springer Nature},
  volume = {7},
  number = {1},
  pages = {1--11},
  author = {Jerome Feldman},
  title = {{The neural binding problem(s)}},
  journal = {Cognitive Neurodynamics},
}


@article{Barrett_2008,
  doi = {10.1162/neco.2008.07-06-290},
  url = {https://doi.org/10.1162%2Fneco.2008.07-06-290},
  year = {2008},
  month = {sep},
  publisher = {{MIT} Press - Journals},
  volume = {20},
  number = {9},
  pages = {2361--2378},
  author = {Leon Barrett and Jerome Feldman and Liam Mac Dermed},
  title = {{A (Somewhat) New Solution to the Variable Binding Problem}},
  journal = {Neural Computation},
}


@article{von_der_Malsburg_1999,
  doi = {10.1016/s0896-6273(00)80825-9},
  url = {https://doi.org/10.1016%2Fs0896-6273%2800%2980825-9},
  year = {1999},
  month = {sep},
  publisher = {Elsevier {BV}},
  volume = {24},
  number = {1},
  pages = {95--104},
  author = {Christoph von der Malsburg},
  title = {{The What and Why of Binding}},
  journal = {Neuron},
}


@book{smolensky2006harmonic,
  title = {{The harmonic mind: From neural computation to optimality-theoretic grammar (Cognitive architecture), Vol. 1}},
  author = {Smolensky, Paul and Legendre, G{\'e}raldine},
  year = {2006},
  publisher = {MIT Press},
}


@incollection{Chalmers_1992,
  doi = {10.1007/978-94-011-2624-3_3},
  url = {https://doi.org/10.1007%2F978-94-011-2624-3_3},
  year = {1992},
  publisher = {Springer Netherlands},
  pages = {46--55},
  author = {David J. Chalmers},
  title = {{Syntactic Transformations on Distributed Representations}},
  booktitle = {Connectionist Natural Language Processing},
}


@article{Plate_1995,
  doi = {10.1109/72.377968},
  url = {https://doi.org/10.1109%2F72.377968},
  year = {1995},
  month = {may},
  publisher = {Institute of Electrical and Electronics Engineers ({IEEE})},
  volume = {6},
  number = {3},
  pages = {623--641},
  author = {T.A. Plate},
  title = {{Holographic reduced representations}},
  journal = {{IEEE} Transactions on Neural Networks},
}


@article{Ajjanagadde_1991,
  doi = {10.1162/neco.1991.3.1.121},
  url = {https://doi.org/10.1162%2Fneco.1991.3.1.121},
  year = {1991},
  month = {feb},
  publisher = {{MIT} Press - Journals},
  volume = {3},
  number = {1},
  pages = {121--134},
  author = {Venkat Ajjanagadde and Lokendra Shastri},
  title = {{Rules and Variables in Neural Nets}},
  journal = {Neural Computation},
}


@article{Shastri_1993,
  doi = {10.1017/s0140525x00030910},
  url = {https://doi.org/10.1017%2Fs0140525x00030910},
  year = {1993},
  month = {sep},
  publisher = {Cambridge University Press ({CUP})},
  volume = {16},
  number = {03},
  pages = {417},
  author = {Lokendra Shastri and Venkat Ajjanagadde},
  title = {{From simple associations to systematic reasoning: A connectionist representation of rules variables and dynamic bindings using temporal synchrony}},
  journal = {Behavioral and Brain Sciences},
}


@article{van_der_Velde_2015,
  doi = {10.1007/s11571-015-9331-7},
  url = {https://doi.org/10.1007%2Fs11571-015-9331-7},
  year = {2015},
  month = {feb},
  publisher = {Springer Nature},
  volume = {9},
  number = {4},
  pages = {359--370},
  author = {Frank van der Velde and Marc de Kamps},
  title = {{The necessity of connection structures in neural models of variable binding}},
  journal = {Cognitive Neurodynamics},
}


@article{Varma_2016,
  doi = {10.1353/lan.2016.0088},
  url = {https://doi.org/10.1353%2Flan.2016.0088},
  year = {2016},
  publisher = {Johns Hopkins University Press},
  volume = {92},
  number = {4},
  pages = {1002--1006},
  author = {Sashank Varma},
  title = {{Automaton theories of human sentence comprehension by John T. Hale}},
  journal = {Language},
}


@article{lindeberg2017normative,
  title = {{Normative theory of visual receptive fields}},
  author = {Lindeberg, Tony},
  journal = {arXiv preprint arXiv:1701.06333},
  year = {2017},
}


@incollection{Schwartz_2012,
  doi = {10.1057/9780230365292_2},
  url = {https://doi.org/10.1057%2F9780230365292_2},
  year = {2012},
  publisher = {Palgrave Macmillan {UK}},
  pages = {25--43},
  author = {Robert Schwartz},
  title = {{The Illusion of Visual Illusions}},
  booktitle = {Perceptual Illusions},
}


@incollection{Eagleman_2010,
  doi = {10.1093/acprof:oso/9780199563456.003.0011},
  url = {https://doi.org/10.1093%2Facprof%3Aoso%2F9780199563456.003.0011},
  year = {2010},
  month = {apr},
  publisher = {Oxford University Press},
  pages = {151--161},
  author = {David M. Eagleman},
  title = {{Duration illusions and predictability}},
  booktitle = {Attention and Time},
}


@article{Guclu_2015,
  doi = {10.1523/jneurosci.5023-14.2015},
  url = {https://doi.org/10.1523%2Fjneurosci.5023-14.2015},
  year = {2015},
  month = {jul},
  publisher = {Society for Neuroscience},
  volume = {35},
  number = {27},
  pages = {10005--10014},
  author = {U. Guclu and M. A. J. van Gerven},
  title = {{Deep Neural Networks Reveal a Gradient in the Complexity of Neural Representations across the Ventral Stream}},
  journal = {Journal of Neuroscience},
}


@article{Eickenberg_2017,
  doi = {10.1016/j.neuroimage.2016.10.001},
  url = {https://doi.org/10.1016%2Fj.neuroimage.2016.10.001},
  year = {2017},
  month = {may},
  publisher = {Elsevier {BV}},
  volume = {152},
  pages = {184--194},
  author = {Michael Eickenberg and Alexandre Gramfort and Gaël Varoquaux and Bertrand Thirion},
  title = {{Seeing it all: Convolutional network layers map the function of the human visual system}},
  journal = {{NeuroImage}},
}


@article{Eagleman_2001,
  doi = {10.1038/35104092},
  url = {https://doi.org/10.1038%2F35104092},
  year = {2001},
  month = {dec},
  publisher = {Springer Nature},
  volume = {2},
  number = {12},
  pages = {920--926},
  author = {David M. Eagleman},
  title = {{{TIMELINE}: Visual illusions and neurobiology}},
  journal = {Nature Reviews Neuroscience},
}


@article{Mesgarani_2014,
  doi = {10.1126/science.1245994},
  url = {https://doi.org/10.1126%2Fscience.1245994},
  year = {2014},
  month = {jan},
  publisher = {American Association for the Advancement of Science ({AAAS})},
  volume = {343},
  number = {6174},
  pages = {1006--1010},
  author = {N. Mesgarani and C. Cheung and K. Johnson and E. F. Chang},
  title = {{Phonetic Feature Encoding in Human Superior Temporal Gyrus}},
  journal = {Science},
}


@article{Fedorenko_2016,
  doi = {10.1073/pnas.1612132113},
  url = {https://doi.org/10.1073%2Fpnas.1612132113},
  year = {2016},
  month = {sep},
  publisher = {Proceedings of the National Academy of Sciences},
  volume = {113},
  number = {41},
  pages = {E6256--E6262},
  author = {Evelina Fedorenko and Terri L. Scott and Peter Brunner and William G. Coon and Brianna Pritchett and Gerwin Schalk and Nancy Kanwisher},
  title = {{Neural correlate of the construction of sentence meaning}},
  journal = {Proceedings of the National Academy of Sciences},
}


@article{Nelson_2017,
  doi = {10.1073/pnas.1701590114},
  url = {https://doi.org/10.1073%2Fpnas.1701590114},
  year = {2017},
  month = {apr},
  publisher = {Proceedings of the National Academy of Sciences},
  volume = {114},
  number = {18},
  pages = {E3669--E3678},
  author = {Matthew J. Nelson and Imen El Karoui and Kristof Giber and Xiaofang Yang and Laurent Cohen and Hilda Koopman and Sydney S. Cash and Lionel Naccache and John T. Hale and Christophe Pallier and Stanislas Dehaene},
  title = {{Neurophysiological dynamics of phrase-structure building during sentence processing}},
  journal = {Proceedings of the National Academy of Sciences},
}


@phdthesis{bocancia2014psycholinguistically,
  title={A psycholinguistically motivated neural model of sentence comprehension},
  author={Bocancia, Iuliana},
  year={2014},
  school={Universitat Ulm}
}


@article{Christiansen_1999,
  year = {1999},
  month = {oct},
  publisher = {Wiley-Blackwell},
  volume = {23},
  number = {4},
  pages = {417--437},
  author = {Morten H. Christiansen and Nick Chater},
  title = {{Connectionist Natural Language Processing: The State of the Art}},
  journal = {Cognitive Science},
}


@article{miikkulainen1997natural,
  title = {{Natural language processing with subsymbolic neural networks}},
  author = {Miikkulainen, Risto},
  journal = {Neural network perspectives on cognition and adaptive robotics},
  pages = {120--139},
  year = {1997},
}


@article{Wendelken_2004,
  doi = {10.1080/09540090412331311932},
  url = {https://doi.org/10.1080%2F09540090412331311932},
  year = {2004},
  month = {sep},
  publisher = {Informa {UK} Limited},
  volume = {16},
  number = {3},
  pages = {211--217},
  author = {Carter Wendelken and Lokendra Shastri},
  title = {{Multiple instantiation and rule mediation in {SHRUTI}}},
  journal = {Connection Science},
}


@article{Smolensky_2013,
  doi = {10.1111/cogs.12047},
  url = {https://doi.org/10.1111%2Fcogs.12047},
  year = {2013},
  month = {jun},
  publisher = {Wiley-Blackwell},
  volume = {38},
  number = {6},
  pages = {1102--1138},
  author = {Paul Smolensky and Matthew Goldrick and Donald Mathis},
  title = {{Optimization and Quantization in Gradient Symbol Systems: A Framework for Integrating the Continuous and the Discrete in Cognition}},
  journal = {Cognitive Science},
}


@article{Huyck_2009,
  doi = {10.1007/s11571-009-9080-6},
  url = {https://doi.org/10.1007%2Fs11571-009-9080-6},
  year = {2009},
  month = {mar},
  publisher = {Springer Nature},
  volume = {3},
  number = {4},
  pages = {317--330},
  author = {Christian R. Huyck},
  title = {{A psycholinguistic model of natural language parsing implemented in simulated neurons}},
  journal = {Cognitive Neurodynamics},
}


@inproceedings{rosa2004thematic,
  title={Thematic role assignment through a biologically plausible symbolic-connectionist hybrid system},
  author={Rosa, Joao Lu{\i}s Garcia and da Silva, Alberione Braz},
  booktitle={Neural Networks, 2004. Proceedings. 2004 IEEE International Joint Conference on},
  volume={2},
  pages={1457--1462},
  year={2004},
  organization={IEEE}
}


@article{Markert_2007,
  doi = {10.1016/j.biosystems.2006.04.027},
  url = {https://doi.org/10.1016%2Fj.biosystems.2006.04.027},
  year = {2007},
  month = {may},
  publisher = {Elsevier {BV}},
  volume = {89},
  number = {1-3},
  pages = {300--315},
  author = {Heiner Markert and Andreas Knoblauch and Günther Palm},
  title = {{Modelling of syntactical processing in the cortex}},
  journal = {Biosystems},
}


@article{Dominey_2009,
  doi = {10.1016/j.bandl.2008.08.002},
  url = {https://doi.org/10.1016%2Fj.bandl.2008.08.002},
  year = {2009},
  month = {may},
  publisher = {Elsevier {BV}},
  volume = {109},
  number = {2-3},
  pages = {80--92},
  author = {Peter Ford Dominey and Toshio Inui and Michel Hoen},
  title = {{Neural network processing of natural language: {II}. Towards a unified model of corticostriatal function in learning sentence comprehension and non-linguistic sequencing}},
  journal = {Brain and Language},
}


@article{Pulverm_ller_2009,
  doi = {10.1016/j.neunet.2009.01.009},
  url = {https://doi.org/10.1016%2Fj.neunet.2009.01.009},
  year = {2009},
  month = {mar},
  publisher = {Elsevier {BV}},
  volume = {22},
  number = {2},
  pages = {161--172},
  author = {Friedemann Pulvermüller and Andreas Knoblauch},
  title = {{Discrete combinatorial circuits emerging in neural networks: A mechanism for rules of grammar in the human brain?}},
  journal = {Neural Networks},
}


@article{Pulverm_ller_2010,
  doi = {10.1016/j.bandl.2009.08.002},
  url = {https://doi.org/10.1016%2Fj.bandl.2009.08.002},
  year = {2010},
  month = {mar},
  publisher = {Elsevier {BV}},
  volume = {112},
  number = {3},
  pages = {167--179},
  author = {Friedemann Pulvermüller},
  title = {{Brain embodiment of syntax and grammar: Discrete combinatorial mechanisms spelt out in neuronal circuits}},
  journal = {Brain and Language},
}


@article{Garagnani_2017,
  doi = {10.3389/fncom.2016.00145},
  url = {https://doi.org/10.3389%2Ffncom.2016.00145},
  year = {2017},
  month = {jan},
  publisher = {Frontiers Media {SA}},
  volume = {10},
  author = {Max Garagnani and Guglielmo Lucchese and Rosario Tomasello and Thomas Wennekers and Friedemann Pulvermüller},
  title = {{A Spiking Neurocomputational Model of High-Frequency Oscillatory Brain Responses to Words and Pseudowords}},
  journal = {Frontiers in Computational Neuroscience},
}


@article{Martin_2017,
  doi = {10.1371/journal.pbio.2000663},
  url = {https://doi.org/10.1371%2Fjournal.pbio.2000663},
  year = {2017},
  month = {mar},
  publisher = {Public Library of Science ({PLoS})},
  volume = {15},
  number = {3},
  pages = {e2000663},
  author = {Andrea E. Martin and Leonidas A. A. Doumas},
  editor = {David Poeppel},
  title = {{A mechanism for the cortical computation of hierarchical linguistic structure}},
  journal = {{PLOS} Biology},
}


@article{Henry_2008,
  doi = {10.3389/conf.neuro.11.2008.01.143},
  url = {https://doi.org/10.3389%2Fconf.neuro.11.2008.01.143},
  year = {2008},
  publisher = {Frontiers Media {SA}},
  volume = {2},
  author = {Markram Henry},
  title = {{The Blue Brain Project}},
  journal = {Frontiers in Neuroinformatics},
}


@article{Markram_2006,
  doi = {10.1038/nrn1848},
  url = {https://doi.org/10.1038%2Fnrn1848},
  year = {2006},
  month = {feb},
  publisher = {Springer Nature},
  volume = {7},
  number = {2},
  pages = {153--160},
  author = {Henry Markram},
  title = {{The Blue Brain Project}},
  journal = {Nature Reviews Neuroscience},
}


@article{markram2013seven,
  title = {{Seven challenges for neuroscience}},
  author = {Markram, Henry},
  journal = {Functional neurology},
  volume = {28},
  number = {EPFL-REVIEW-216011},
  pages = {145--51},
  year = {2013},
}


@article{van_Dijk_2015,
  doi = {10.1016/j.neucom.2014.12.113},
  url = {https://doi.org/10.1016%2Fj.neucom.2014.12.113},
  year = {2015},
  month = {dec},
  publisher = {Elsevier {BV}},
  volume = {170},
  pages = {128--140},
  author = {Djurre van Dijk and Frank van der Velde},
  title = {{A central pattern generator for controlling sequential activation in a neural architecture for sentence processing}},
  journal = {Neurocomputing},
}


@article{de2013generica,
  title = {{A generic approach to solving jump diffusion equations with applications to neural populations}},
  author = {de Kamps, Marc},
  journal = {arXiv preprint arXiv:1309.1654},
  year = {2013},
}


@article{Huyck_2013,
  doi = {10.1007/s00422-013-0555-5},
  url = {https://doi.org/10.1007%2Fs00422-013-0555-5},
  year = {2013},
  month = {apr},
  publisher = {Springer Nature},
  volume = {107},
  number = {3},
  pages = {263--288},
  author = {Christian R. Huyck and Peter J. Passmore},
  title = {{A review of cell assemblies}},
  journal = {Biological Cybernetics},
}


@article{Perin_2011,
  doi = {10.1073/pnas.1016051108},
  url = {https://doi.org/10.1073%2Fpnas.1016051108},
  year = {2011},
  month = {mar},
  publisher = {Proceedings of the National Academy of Sciences},
  volume = {108},
  number = {13},
  pages = {5419--5424},
  author = {R. Perin and T. K. Berger and H. Markram},
  title = {{A synaptic organizing principle for cortical neuronal groups}},
  journal = {Proceedings of the National Academy of Sciences},
}


@book{edelman1987neural,
  title = {{Neural Darwinism: The theory of neuronal group selection.}},
  author = {Edelman, Gerald M},
  year = {1987},
  publisher = {Basic Books},
}


@book{hebb2005organization,
  title = {{The organization of behavior: A neuropsychological theory}},
  author = {Hebb, Donald Olding},
  year = {2005},
  publisher = {Psychology Press},
}


@article{Destexhe_2009,
  doi = {10.1007/s00422-009-0328-3},
  url = {https://doi.org/10.1007%2Fs00422-009-0328-3},
  year = {2009},
  month = {jul},
  publisher = {Springer Nature},
  volume = {101},
  number = {1},
  pages = {1--2},
  author = {Alain Destexhe and Terrence J. Sejnowski},
  title = {{The Wilson{\textendash}Cowan model 36~years later}},
  journal = {Biological Cybernetics},
}


@incollection{de_Kamps_2005,
  doi = {10.1007/11550822_37},
  url = {https://doi.org/10.1007%2F11550822_37},
  year = {2005},
  publisher = {Springer Berlin Heidelberg},
  pages = {229--234},
  author = {Marc de Kamps},
  title = {{A Model for Delay Activity Without Recurrent Excitation}},
  booktitle = {Artificial Neural Networks: Biological Inspirations {\textendash} {ICANN} 2005},
}


@article{Vagharchakian_2012,
  doi = {10.1523/jneurosci.5685-11.2012},
  url = {https://doi.org/10.1523%2Fjneurosci.5685-11.2012},
  year = {2012},
  month = {jun},
  publisher = {Society for Neuroscience},
  volume = {32},
  number = {26},
  pages = {9089--9102},
  author = {L. Vagharchakian and G. Dehaene-Lambertz and C. Pallier and S. Dehaene},
  title = {{A Temporal Bottleneck in the Language Comprehension Network}},
  journal = {Journal of Neuroscience},
}


@article{Benda_2003,
  doi = {10.1162/089976603322385063},
  url = {https://doi.org/10.1162%2F089976603322385063},
  year = {2003},
  month = {nov},
  publisher = {{MIT} Press - Journals},
  volume = {15},
  number = {11},
  pages = {2523--2564},
  author = {Jan Benda and Andreas V. M. Herz},
  title = {{A Universal Model for Spike-Frequency Adaptation}},
  journal = {Neural Computation},
}


@incollection{Benda_2014,
  doi = {10.1007/978-1-4614-7320-6_339-1},
  url = {https://doi.org/10.1007%2F978-1-4614-7320-6_339-1},
  year = {2014},
  publisher = {Springer New York},
  pages = {1--12},
  author = {Jan Benda and Joel Tabak},
  title = {{Spike-Frequency Adaptation}},
  booktitle = {Encyclopedia of Computational Neuroscience},
}


@article{Brette_2005,
  doi = {10.1152/jn.00686.2005},
  url = {https://doi.org/10.1152%2Fjn.00686.2005},
  year = {2005},
  month = {nov},
  publisher = {American Physiological Society},
  volume = {94},
  number = {5},
  pages = {3637--3642},
  author = {R. Brette},
  title = {{Adaptive Exponential Integrate-and-Fire Model as an Effective Description of Neuronal Activity}},
  journal = {Journal of Neurophysiology},
}


@article{Mazzoni_2015,
  doi = {10.1371/journal.pcbi.1004584},
  url = {https://doi.org/10.1371%2Fjournal.pcbi.1004584},
  year = {2015},
  month = {dec},
  publisher = {Public Library of Science ({PLoS})},
  volume = {11},
  number = {12},
  pages = {e1004584},
  author = {Alberto Mazzoni and Henrik Lind{\'{e}}n and Hermann Cuntz and Anders Lansner and Stefano Panzeri and Gaute T. Einevoll},
  editor = {Arnd Roth},
  title = {{Computing the Local Field Potential ({LFP}) from Integrate-and-Fire Network Models}},
  journal = {{PLOS} Computational Biology},
}


@article{Hagen_2015,
  doi = {10.1186/1471-2202-16-s1-p67},
  url = {https://doi.org/10.1186%2F1471-2202-16-s1-p67},
  year = {2015},
  publisher = {Springer Nature},
  volume = {16},
  number = {Suppl 1},
  pages = {P67},
  author = {Espen Hagen and David Dahmen and Maria Stavrinou and Henrik Lind{\'{e}}n and Tom Tetzlaff and Sacha van Albada and Sonja Grün and Markus Diesmann and Gaute T Einevoll},
  title = {{Hybrid scheme for modeling local field potentials from point-neuron networks}},
  journal = {{BMC} Neuroscience},
}


@article{Ray_2011,
  doi = {10.1371/journal.pbio.1000610},
  url = {https://doi.org/10.1371%2Fjournal.pbio.1000610},
  year = {2011},
  month = {apr},
  publisher = {Public Library of Science ({PLoS})},
  volume = {9},
  number = {4},
  pages = {e1000610},
  author = {Supratim Ray and John H. R. Maunsell},
  editor = {Leslie Ungerleider},
  title = {{Different Origins of Gamma Rhythm and High-Gamma Activity in Macaque Visual Cortex}},
  journal = {{PLoS} Biology},
}


@article{Manning_2009,
  doi = {10.1523/jneurosci.2041-09.2009},
  url = {https://doi.org/10.1523%2Fjneurosci.2041-09.2009},
  year = {2009},
  month = {oct},
  publisher = {Society for Neuroscience},
  volume = {29},
  number = {43},
  pages = {13613--13620},
  author = {J. R. Manning and J. Jacobs and I. Fried and M. J. Kahana},
  title = {{Broadband Shifts in Local Field Potential Power Spectra Are Correlated with Single-Neuron Spiking in Humans}},
  journal = {Journal of Neuroscience},
}


@article{Glover_1999,
  doi = {10.1006/nimg.1998.0419},
  url = {https://doi.org/10.1006%2Fnimg.1998.0419},
  year = {1999},
  month = {apr},
  publisher = {Elsevier {BV}},
  volume = {9},
  number = {4},
  pages = {416--429},
  author = {Gary H. Glover},
  title = {{Deconvolution of Impulse Response in Event-Related {BOLD} {fMRI}1}},
  journal = {{NeuroImage}},
}


@article{Friston_2000,
  doi = {10.1006/nimg.2000.0630},
  url = {https://doi.org/10.1006%2Fnimg.2000.0630},
  year = {2000},
  month = {oct},
  publisher = {Elsevier {BV}},
  volume = {12},
  number = {4},
  pages = {466--477},
  author = {K.J. Friston and A. Mechelli and R. Turner and C.J. Price},
  title = {{Nonlinear Responses in {fMRI}: The Balloon Model Volterra Kernels, and Other Hemodynamics}},
  journal = {{NeuroImage}},
}


@article{Buxton_2004,
  doi = {10.1016/j.neuroimage.2004.07.013},
  url = {https://doi.org/10.1016%2Fj.neuroimage.2004.07.013},
  year = {2004},
  month = {jan},
  publisher = {Elsevier {BV}},
  volume = {23},
  pages = {S220--S233},
  author = {Richard B. Buxton and K{\^{a}}mil Uluda{\u{g}} and David J. Dubowitz and Thomas T. Liu},
  title = {{Modeling the hemodynamic response to brain activation}},
  journal = {{NeuroImage}},
}


@article{Waldorp_2009,
  doi = {10.1155/2009/723912},
  url = {https://doi.org/10.1155%2F2009%2F723912},
  year = {2009},
  publisher = {Hindawi Limited},
  volume = {2009},
  pages = {1--11},
  author = {Lourens Waldorp},
  title = {{Robust and Unbiased Variance of {GLM} Coefficients for Misspecified Autocorrelation and Hemodynamic Response Models in {fMRI}}},
  journal = {International Journal of Biomedical Imaging},
}


@book{Chomsky_2014,
  doi = {10.7551/mitpress/9780262527347.001.0001},
  url = {https://doi.org/10.7551%2Fmitpress%2F9780262527347.001.0001},
  year = {2014},
  month = {dec},
  publisher = {The {MIT} Press},
  author = {Noam Chomsky},
  title = {{The Minimalist Program}},
}


@incollection{Schubert,
  doi = {10.1515/9783110874174.7},
  url = {https://doi.org/10.1515%2F9783110874174.7},
  publisher = {{DE} {GRUYTER}},
  author = {Klaus Schubert},
  title = {{Dependency syntax for parsing and generation}},
  booktitle = {Metataxis in Practice},
}


@inproceedings{Samuelsson_2000,
  doi = {10.3115/992730.992745},
  url = {https://doi.org/10.3115%2F992730.992745},
  year = {2000},
  publisher = {Association for Computational Linguistics},
  author = {Christer Samuelsson},
  title = {{A statistical theory of dependency syntax}},
  booktitle = {Proceedings of the 18th conference on Computational linguistics  -},
}

@article{branigan2000syntactic,
  title={Syntactic co-ordination in dialogue},
  author={Branigan, Holly P and Pickering, Martin J and Cleland, Alexandra A},
  journal={Cognition},
  volume={75},
  number={2},
  pages={B13--B25},
  year={2000},
  publisher={Elsevier}
}

@article{bock2007persistent,
  title={Persistent structural priming from language comprehension to language production},
  author={Bock, Kathryn and Dell, Gary S and Chang, Franklin and Onishi, Kristine H},
  journal={Cognition},
  volume={104},
  number={3},
  pages={437--458},
  year={2007},
  publisher={Elsevier}
}

@article{bemis2012basic,
  title={Basic linguistic composition recruits the left anterior temporal lobe and left angular gyrus during both listening and reading},
  author={Bemis, Douglas K and Pylkk{\"a}nen, Liina},
  journal={Cerebral Cortex},
  volume={23},
  number={8},
  pages={1859--1873},
  year={2012},
  publisher={Oxford University Press}
}

@article{ben2004neural,
  title={Neural correlates of syntactic movement: converging evidence from two fMRI experiments},
  author={Ben-Shachar, Michal and Palti, Dafna and Grodzinsky, Yosef},
  journal={Neuroimage},
  volume={21},
  number={4},
  pages={1320--1336},
  year={2004},
  publisher={Elsevier}
}

@article{brennan2016abstract,
  title={Abstract linguistic structure correlates with temporal activity during naturalistic comprehension},
  author={Brennan, Jonathan R and Stabler, Edward P and Van Wagenen, Sarah E and Luh, Wen-Ming and Hale, John T},
  journal={Brain and language},
  volume={157},
  pages={81--94},
  year={2016},
  publisher={Elsevier}
}

@article{longe2006grammatical,
  title={Grammatical categories in the brain: The role of morphological structure},
  author={Longe, Olivia and Randall, Bill and Stamatakis, Emmanuel A and Tyler, Lorraine K},
  journal={Cerebral Cortex},
  volume={17},
  number={8},
  pages={1812--1820},
  year={2006},
  publisher={Oxford University Press}
}

@article{jobard2007impact,
  title={Impact of modality and linguistic complexity during reading and listening tasks},
  author={Jobard, Gael and Vigneau, Mathieu and Mazoyer, Bernard and Tzourio-Mazoyer, Nathalie},
  journal={Neuroimage},
  volume={34},
  number={2},
  pages={784--800},
  year={2007},
  publisher={Elsevier}
}

@article{ding2016cortical,
  title={Cortical tracking of hierarchical linguistic structures in connected speech},
  author={Ding, Nai and Melloni, Lucia and Zhang, Hang and Tian, Xing and Poeppel, David},
  journal={Nature neuroscience},
  volume={19},
  number={1},
  pages={158},
  year={2016},
  publisher={NIH Public Access}
}

@article{fedorenko2016neural,
  title={Neural correlate of the construction of sentence meaning},
  author={Fedorenko, Evelina and Scott, Terri L and Brunner, Peter and Coon, William G and Pritchett, Brianna and Schalk, Gerwin and Kanwisher, Nancy},
  journal={Proceedings of the National Academy of Sciences},
  volume={113},
  number={41},
  pages={E6256--E6262},
  year={2016},
  publisher={National Acad Sciences}
}

@article{bastiaansen2010syntactic,
  title={Syntactic unification operations are reflected in oscillatory dynamics during on-line sentence comprehension},
  author={Bastiaansen, Marcel and Magyari, Lilla and Hagoort, Peter},
  journal={Journal of cognitive neuroscience},
  volume={22},
  number={7},
  pages={1333--1347},
  year={2010},
  publisher={MIT Press}
}

@article{bever1969underlying,
  title={The underlying structures of sentences are the primary units of immediate speech processing},
  author={Bever, Thomas G and Lackner, JR and Kirk, Roger},
  journal={Attention, Perception, \& Psychophysics},
  volume={5},
  number={4},
  pages={225--234},
  year={1969},
  publisher={Springer}
}

@article{abrams1969syntactic,
  title={Syntactic structure modifies attention during speech perception and recognition},
  author={Abrams, Kenneth and Bever, Thomas G},
  journal={The Quarterly journal of experimental psychology},
  volume={21},
  number={3},
  pages={280--290},
  year={1969},
  publisher={Taylor \& Francis}
}

@article{wilson1972excitatory,
  title={Excitatory and inhibitory interactions in localized populations of model neurons},
  author={Wilson, Hugh R and Cowan, Jack D},
  journal={Biophysical journal},
  volume={12},
  number={1},
  pages={1--24},
  year={1972},
  publisher={Elsevier}
}

@article{jansen1995electroencephalogram,
  title={Electroencephalogram and visual evoked potential generation in a mathematical model of coupled cortical columns},
  author={Jansen, Ben H and Rit, Vincent G},
  journal={Biological cybernetics},
  volume={73},
  number={4},
  pages={357--366},
  year={1995},
  publisher={Springer}
}

@article{stimberg2014equation,
  title={Equation-oriented specification of neural models for simulations},
  author={Stimberg, Marcel and Goodman, Dan FM and Benichoux, Victor and Brette, Romain},
  journal={Frontiers in Neuroinformatics},
  volume={8},
  year={2014},
  publisher={Frontiers Media SA}
}

@article{gewaltig2007nest,
  title={Nest (neural simulation tool)},
  author={Gewaltig, Marc-Oliver and Diesmann, Markus},
  journal={Scholarpedia},
  volume={2},
  number={4},
  pages={1430},
  year={2007}
}

@article{lai2017population,
  title={Population density equations for stochastic processes with memory kernels},
  author={Lai, Yi Ming and de Kamps, Marc},
  journal={Physical Review E},
  volume={95},
  number={6},
  pages={062125},
  year={2017},
  publisher={APS}
}

@article{nykamp2000population,
  title={A population density approach that facilitates large-scale modeling of neural networks: Analysis and an application to orientation tuning},
  author={Nykamp, Duane Q and Tranchina, Daniel},
  journal={Journal of computational neuroscience},
  volume={8},
  number={1},
  pages={19--50},
  year={2000},
  publisher={Springer}
}

@article{de2003simple,
  title={A simple and stable numerical solution for the population density equation},
  author={de Kamps, Marc},
  journal={Neural computation},
  volume={15},
  number={9},
  pages={2129--2146},
  year={2003},
  publisher={MIT Press}
}

@article{iyer2013influence,
  title={The influence of synaptic weight distribution on neuronal population dynamics},
  author={Iyer, Ramakrishnan and Menon, Vilas and Buice, Michael and Koch, Christof and Mihalas, Stefan},
  journal={PLoS computational biology},
  volume={9},
  number={10},
  pages={e1003248},
  year={2013},
  publisher={Public Library of Science}
}

@article{wang2001synaptic,
  title={Synaptic reverberation underlying mnemonic persistent activity},
  author={Wang, Xiao-Jing},
  journal={Trends in neurosciences},
  volume={24},
  number={8},
  pages={455--463},
  year={2001},
  publisher={Elsevier}
}

@article{potjans2012cell,
  title={The cell-type specific cortical microcircuit: relating structure and activity in a full-scale spiking network model},
  author={Potjans, Tobias C and Diesmann, Markus},
  journal={Cerebral cortex},
  volume={24},
  number={3},
  pages={785--806},
  year={2012},
  publisher={Oxford University Press}
}

@article{stein1967some,
  title={Some models of neuronal variability},
  author={Stein, Richard B},
  journal={Biophysical journal},
  volume={7},
  number={1},
  pages={37--68},
  year={1967},
  publisher={Elsevier}
}

@article{knight1972dynamics,
  title={Dynamics of encoding in a population of neurons},
  author={Knight, Bruce W},
  journal={The Journal of general physiology},
  volume={59},
  number={6},
  pages={734--766},
  year={1972},
  publisher={Rockefeller University Press}
}

@book{crispin1994handbook,
  title={Handbook of stochastic methods for physics, chemistry and the natural sciences},
  author={Crispin W.. Gardiner},
  year={1994},
  publisher={Springer-Verlag}
}

@book{izhikevich2007dynamical,
  title={Dynamical systems in neuroscience},
  author={Izhikevich, Eugene M},
  year={2007},
  publisher={MIT press}
}

@article{hermes2017neuronal,
  title={Neuronal synchrony and the relation between the blood-oxygen-level dependent response and the local field potential},
  author={Hermes, Dora and Nguyen, Mai and Winawer, Jonathan},
  journal={PLoS biology},
  volume={15},
  number={7},
  pages={e2001461},
  year={2017},
  publisher={Public Library of Science}
}

@article{lindquist2009modeling,
  title={Modeling the hemodynamic response function in fMRI: efficiency, bias and mis-modeling},
  author={Lindquist, Martin A and Loh, Ji Meng and Atlas, Lauren Y and Wager, Tor D},
  journal={Neuroimage},
  volume={45},
  number={1},
  pages={S187--S198},
  year={2009},
  publisher={Elsevier}
}

@article{lawrence2017laminar,
  title={Laminar fMRI: applications for cognitive neuroscience},
  author={Lawrence, Samuel JD and Formisano, Elia and Muckli, Lars and de Lange, Floris P},
  journal={Neuroimage},
  year={2017},
  publisher={Elsevier}
}

@article{chen20173d,
  title={3D printing and modelling of customized implants and surgical guides for non-human primates},
  author={Chen, Xing and Possel, Jessy K and Wacongne, Catherine and van Ham, Anne F and Klink, P Christiaan and Roelfsema, Pieter R},
  journal={Journal of Neuroscience Methods},
  volume={286},
  pages={38--55},
  year={2017},
  publisher={Elsevier}
}

@article{mahowald2016reliable,
  title={Reliable individual-level neural markers of high-level language processing: a necessary precursor for relating neural variability to behavioral and genetic variability},
  author={Mahowald, Kyle and Fedorenko, Evelina},
  journal={Neuroimage},
  volume={139},
  pages={74--93},
  year={2016},
  publisher={Elsevier}
}

